@inproceedings{hoopl,
  author = {Ramsey, Norman and Dias, Jo\~{a}o and Peyton Jones, Simon},
  title = {Hoopl: A Modular, Reusable Library for Dataflow Analysis and Transformation},
  booktitle = {Proceedings of the Third ACM Haskell Symposium on Haskell},
  series = {Haskell '10},
  year = {2010},
  isbn = {978-1-4503-0252-4},
  location = {Baltimore, Maryland, USA},
  pages = {121--134},
  numpages = {14},
  url = {http://doi.acm.org/10.1145/1863523.1863539},
  doi = {10.1145/1863523.1863539},
  acmid = {1863539},
  publisher = {ACM},
  address = {New York, NY, USA},
  keywords = {dataflow},
} 
@other{dmd,
  author = {Peyton Jones, Simon and Sestoft, Peter and Hughes, John},
  title = {Demand Analysis},
  year = {2006},
  month = {July},
  url = {https://www.microsoft.com/en-us/research/publication/demand-analysis/},
}